%% This BibTeX bibliography file was created using BibDesk.
%% http://www.cs.ucsd.edu/~mmccrack/bibdesk.html


%% Created for Martin at 2013-10-04 10:37:07 +0930 


%% Saved with string encoding Unicode (UTF-8) 



@inproceedings{Gay:2003:NLH:781131.781133,
	Acmid = {781133},
	Address = {New York, NY, USA},
	Author = {Gay, David and Levis, Philip and von Behren, Robert and Welsh, Matt and Brewer, Eric and Culler, David},
	Booktitle = {Proceedings of the ACM SIGPLAN 2003 conference on Programming language design and implementation},
	Date-Added = {2013-10-04 01:01:08 +0000},
	Date-Modified = {2013-10-04 01:01:08 +0000},
	Doi = {10.1145/781131.781133},
	Isbn = {1-58113-662-5},
	Keywords = {C, TinyOS, components, concurrency, data races, first-order, modules, nesC, programming languages},
	Location = {San Diego, California, USA},
	Numpages = {11},
	Pages = {1--11},
	Publisher = {ACM},
	Series = {PLDI '03},
	Title = {The <i>nesC</i> language: A holistic approach to networked embedded systems},
	Url = {http://doi.acm.org/10.1145/781131.781133},
	Year = {2003},
	Bdsk-Url-1 = {http://doi.acm.org/10.1145/781131.781133},
	Bdsk-Url-2 = {http://dx.doi.org/10.1145/781131.781133}}

@article{Gay:2003:NLH:780822.781133,
	Acmid = {781133},
	Address = {New York, NY, USA},
	Author = {Gay, David and Levis, Philip and von Behren, Robert and Welsh, Matt and Brewer, Eric and Culler, David},
	Date-Added = {2013-10-04 01:01:07 +0000},
	Date-Modified = {2013-10-04 01:07:07 +0000},
	Doi = {10.1145/780822.781133},
	Issn = {0362-1340},
	Issue_Date = {May 2003},
	Journal = {SIGPLAN Not.},
	Keywords = {C, TinyOS, components, concurrency, data races, first-order, modules, nesC, programming languages},
	Month = may,
	Number = {5},
	Numpages = {11},
	Pages = {1--11},
	Publisher = {ACM},
	Title = {The {nesC} language: A holistic approach to networked embedded systems},
	Url = {http://doi.acm.org/10.1145/780822.781133},
	Volume = {38},
	Year = {2003},
	Bdsk-Url-1 = {http://doi.acm.org/10.1145/780822.781133},
	Bdsk-Url-2 = {http://dx.doi.org/10.1145/780822.781133}}
